<record><leader>00000cas a22000007a 4500</leader><controlfield tag="001">17779074</controlfield><controlfield tag="008">880412d18541863ohuwr ne      0    0eng d</controlfield><datafield ind1=" " ind2=" " tag="010"><subfield code="a">sn 88086135 </subfield></datafield><datafield ind1=" " ind2=" " tag="040"><subfield code="a">NPV</subfield><subfield code="b">eng</subfield><subfield code="c">NPV</subfield><subfield code="d">ONP</subfield><subfield code="d">OCLCQ</subfield></datafield><datafield ind1=" " ind2=" " tag="042"><subfield code="a">msc</subfield></datafield><datafield ind1="0" ind2="0" tag="245"><subfield code="a">Madison chronicle.</subfield></datafield><datafield ind1=" " ind2=" " tag="260"><subfield code="a">London, O. [Ohio] :</subfield><subfield code="b">G.W. Sprung,</subfield><subfield code="c">1854-1863.</subfield></datafield><datafield ind1=" " ind2=" " tag="300"><subfield code="a">v.</subfield></datafield><datafield ind1=" " ind2=" " tag="310"><subfield code="a">Weekly</subfield></datafield><datafield ind1="0" ind2=" " tag="362"><subfield code="a">Vol. 1, no. 1 (Mar. 4, 1854)-v. 10, no. 10 (May 21, 1863).</subfield></datafield><datafield ind1=" " ind2=" " tag="752"><subfield code="a">United States</subfield><subfield code="b">Ohio</subfield><subfield code="c">Madison</subfield><subfield code="d">London.</subfield></datafield><datafield ind1="0" ind2="0" tag="780"><subfield code="t">Madison reveille</subfield><subfield code="w">(DLC)sn 88077522</subfield></datafield><datafield ind1="0" ind2="0" tag="785"><subfield code="t">Madison County union</subfield><subfield code="w">(DLC)sn 88077523</subfield></datafield></record>